<?xml version="1.0" encoding="UTF-8"?><collection xmlns="http://www.loc.gov/MARC21/slim"><record><leader>00344nam--2200133-i-4500</leader><controlfield tag="001">000002373</controlfield><controlfield tag="002">20161230</controlfield><controlfield tag="005">20161230201025</controlfield><controlfield tag="008">060222s1000------------r-----000-0-eng-d</controlfield><datafield ind1=" " ind2=" " tag="100"><subfield code="a">Feynman, R. P</subfield></datafield><datafield ind1=" " ind2=" " tag="245"><subfield code="a">Yura, h.t</subfield></datafield><datafield ind1=" " ind2=" " tag="260"><subfield code="a">The Theory Of Fundamental Processes.A Lecture Note Volume</subfield></datafield><datafield ind1=" " ind2=" " tag="490"><subfield code="a">Frontiers In Physics</subfield></datafield><datafield ind1=" " ind2=" " tag="852"><subfield code="a">539.1:530.1</subfield></datafield></record></collection>